=LDR  01846 am a2200493 a 4500
=001  013635092
=003  Uk
=005  20100415113343.0
=006  m\\\\|\\\d\|\\\\\\
=007  cr||||||||||||
=008  070103s2005\\\\enk\\\\\r\\\\\000\0\eng\\
=020  \\$c£11.75 (for electronic download)
=040  \\$aUk$beng$cUk
=042  \\$aukblsr
=082  04$a381.456870830941$222
=245  00$aUK market synopsis.$pChildren's clothing$h[electronic resource] :$ban overview of the current performance, trends and key factors affecting the UK children's clothing market.
=246  30$aChildren's clothing
=250  \\$a[Updated ed.].
=260  \\$aGateshead :$bCobweb Information,$c2005.
=336  \\$atext$2rdacontent
=337  \\$acomputer$2rdamedia
=338  \\$aonline resource$2rdacarrier
=490  1\$aUK market synopsis
=500  \\$aTitle from PDF title page (viewed 3 Jan., 2007).
=500  \\$aPrevious ed. in print format: 2003.
=516  \\$aText (PDF)
=533  \\$aPrintout.$b[London :$cBritish Library,$d2006]$e8 leaves ; 30 cm.
=538  \\$aMode of access: World Wide Web.
=538  \\$aSystem requirements: Adobe Acrobat Reader.
=650  \0$aChildren's clothing industry$zGreat Britain.
=650  \0$aMarket surveys$zGreat Britain.
=710  2\$aCobweb Information Ltd.
=830  \0$aUK market synopsis
=852  71$aBritish Library$bSTI$2blsrissc
=856  41$uhttp://www.scavenger.net/home.php$zTo purchase electronic copy for download.
=CAT  \\$a8141$b40$c20070103$lBLL01$h1250
=CAT  \\$a8141$b40$c20070104$lBLL01$h0933
=CAT  \\$a8141$b40$c20070621$lBLL01$h1428
=CAT  \\$aBATCH$b00$c20091217$lBLL01$h0442
=CAT  \\$aBATCH$b00$c20100103$lBLL01$h1236
=CAT  \\$a10932$b40$c20100415$lBLL01$h1133
=FIN  \\$aY$d20070103
=FMT  \\$a  BK
=LAS  \\$a10932$b40$c20100415$lBLL01$h1133

