=LDR  01881 am a2200505 a 4500
=001  013635216
=003  Uk
=005  20100422143946.0
=006  m\\\\|\\\d\|\\\\\\
=007  cr||||||||||||
=008  070103s2005\\\\enk\\\\\r\\\\\000\0\eng\\
=020  \\$c£11.75 (for electronic download)
=040  \\$aUk$beng$cUk
=042  \\$aukblsr
=082  04$a381.453880440941$222
=245  00$aUK market synopsis.$pRemoval services$h[electronic resource] :$ban overview of the current performance, trends and key factors affecting the UK removal services market.
=246  30$aRemoval services
=250  \\$a[Updated ed.].
=260  \\$aGateshead :$bCobweb Information,$c2005.
=336  \\$atext$2rdacontent
=337  \\$acomputer$2rdamedia
=338  \\$aonline resource$2rdacarrier
=490  1\$aUK market synopsis
=500  \\$aTitle from PDF title page (viewed 3 Jan., 2007)
=500  \\$aPrevious ed. published in print format as: Removals. 2003.
=516  \\$aText (PDF)
=533  \\$aPrintout.$b[London :$cBritish Library,$d2006]$e8 leaves ; 30 cm.
=538  \\$aMode of access: World Wide Web.
=538  \\$aSystem requirements: Adobe Acrobat Reader.
=650  \0$aStorage and moving trade$zGreat Britain.
=650  \0$aMarket surveys$zGreat Britain.
=710  2\$aCobweb Information Ltd.
=740  0\$aRemovals.
=830  \0$aUK market synopsis
=852  71$aBritish Library$bSTI$2blsrissc
=856  41$uhttp://www.scavenger.net/home.php$zTo purchase electronic copy for download.
=CAT  \\$a8141$b40$c20070103$lBLL01$h1426
=CAT  \\$a8141$b40$c20070103$lBLL01$h1427
=CAT  \\$a8141$b40$c20070104$lBLL01$h0933
=CAT  \\$aBATCH$b00$c20091217$lBLL01$h0442
=CAT  \\$aBATCH$b00$c20100103$lBLL01$h1236
=CAT  \\$a10932$b40$c20100422$lBLL01$h1439
=FIN  \\$aY$d20070103
=FMT  \\$a  BK
=LAS  \\$a10932$b40$c20100422$lBLL01$h1439

