=LDR  01991cam a2200529 a 4500
=001  013635255
=003  Uk
=005  20230203214740.0
=006  m\\\\|\\\d\|\\\\\\
=007  cr||||||||||||
=008  070103s2005\\\\enk\\\\\r\\\\\000\0\eng\\
=FMT  \\$a  BK
=020  \\$c£11.75 (for electronic download)
=040  \\$aUk$beng$cUk
=042  \\$aukblsr
=082  04$a338.4779480941$222
=245  00$aUK market synopsis.$pPC and video games$h[electronic resource] :$ban overview of the current performance, trends and key factors affecting the UK PC and video games market.
=246  30$aPC and video games
=260  \\$aGateshead :$bCobweb Information,$c2005.
=336  \\$atext$2rdacontent
=337  \\$acomputer$2rdamedia
=338  \\$aonline resource$2rdacarrier
=490  1\$aUK market synopsis
=538  \\$aMode of access: World Wide Web.
=538  \\$aSystem requirements: Adobe Acrobat Reader.
=500  \\$aTitle from PDF title page (viewed 3 Jan., 2007)
=533  \\$aPrintout.$b[London :$cBritish Library,$d2006]$e8 leaves ; 30 cm.
=516  \\$aText (PDF)
=650  \0$aComputer games$zGreat Britain.
=650  \0$aVideo games industry$zGreat Britain.
=650  \0$aRetail trade surveys$zGreat Britain.
=650  \0$aMarket surveys$zGreat Britain.
=690  7\$aManagement and Business Studies$2blcoll
=710  2\$aCobweb Information Ltd.
=740  0\$aRemovals.
=856  41$uhttp://www.scavenger.net/home.php$zTo purchase electronic copy for download.
=830  \0$aUK market synopsis.
=852  71$aBritish Library$bSTI$2blsrissc
=CAT  \\$a8141$b40$c20070103$lBLL01$h1439
=CAT  \\$aBATCH$b00$c20091217$lBLL01$h0442
=CAT  \\$aBATCH$b00$c20100103$lBLL01$h1236
=CAT  \\$a10932$b40$c20100415$lBLL01$h1542
=CAT  \\$a10932$b40$c20100423$lBLL01$h0854
=CAT  \\$aBATCH-UPD$b40$c20230125$lBLL01$h1019
=CAT  \\$aBATCH-MBS$c20230203$lBLL01$h2147
=FIN  \\$aY$d20070103
=LAS  \\$aBATCH-MBS$b00$c20230203$lBLL01$h2147

