=LDR  01761 ai a2200481 a 4500
=001  013677362
=003  Uk
=005  20120215122012.0
=006  m\\\\\\\\d\|\\\\\\
=007  cr||||||||||||
=008  070220c200u9999ie\uu\d\s\\\\\0\\\a2eng\\
=015  \\$aGBA781064$2bnb
=040  \\$aUk$beng$cUk$dUk
=042  \\$aukblsr
=082  04$a745.2$222
=245  00$aDesignFinder.$h[electronic resource].
=246  13$aDesign finder
=260  \\$aDublin :$bDesignMuster Ltd ;$a[Sophia-Antipolis] :$b[Questel, distributor]
=336  \\$atext$2rdacontent
=337  \\$acomputer$2rdamedia
=338  \\$aonline resource$2rdacarrier
=500  \\$aTitle from login screen (viewed on 26 Sept. 2007).
=520  \\$aDesignfinder is a subscription based system that collects industrial design information from around the world. The database allows searching across all authorities in a single step.
=538  \\$aMode of access: World Wide Web.
=650  \0$aDesign, Industrial$vDatabases.
=710  2\$aDesignmuster Ltd.
=710  2\$aQuestel.
=852  41$aBritish Library$bSTI$cBIPC
=856  40$uhttp://www.designmuster.net/dm/$zFor subscribers only, requires user name and password
=985  \\$aCancelled 2010
=CAT  \\$a6524$b40$c20070220$lBLL01$h1414
=CAT  \\$a6524$b40$c20070220$lBLL01$h1427
=CAT  \\$a11249$b40$c20070305$lBLL01$h1413
=CAT  \\$a6524$b40$c20070327$lBLL01$h0933
=CAT  \\$a3072$b40$c20071008$lBLL01$h1725
=CAT  \\$a3072$b40$c20071009$lBLL01$h1107
=CAT  \\$a7332$b40$c20071018$lBLL01$h1035
=CAT  \\$a3072$b40$c20100401$lBLL01$h1250
=CAT  \\$a11279$b40$c20120215$lBLL01$h1220
=FIN  \\$aY$d20071009
=FMT  \\$a  SE
=LAS  \\$a11279$b40$c20120215$lBLL01$h1220
=TCO  \\$aIRL$bICLA$c008

