=LDR  03288cam a2200577 i 4500
=001  018246155
=003  Uk
=005  20190314141511.0
=008  160921s2016\\\\lu\ab\\\\bs\\i000\0\eng\d
=FMT  \\$a  BK
=020  \\$a9789279591488$qpaperback
=020  \\$a9279591487$qpaperback
=020  \\$z9789279591471$qPDF
=035  \\$a(OCoLC)962404969
=040  \\$aEQO$beng$cEQO$dOCLCO$dOCLCF$dUKWOH$dBECOE$dOCLCQ$dOCLCO$dUk$erda
=042  \\$aukblcatcopy
=043  \\$ae------
=082  04$a338.94$223
=245  00$aSmarter, greener, more inclusive? :$bindicators to support the Europe 2020 strategy /$cEurostat.
=250  \\$a2016 edition.
=264  \1$aLuxembourg :$bPublications Office of the European Union,$c2016.
=264  \4$c©2016
=300  \\$a199 pages :$bcolour illustrations, colour maps ;$c25 cm.
=336  \\$atext$btxt$2rdacontent
=337  \\$aunmediated$bn$2rdamedia
=338  \\$avolume$bnc$2rdacarrier
=490  0\$aEurostat statistical books,$x2363-2194
=490  1\$aTheme--General and regional statistics
=500  \\$a"KS-EZ-16-001-EN-C"--Back cover.
=504  \\$aIncludes bibliographical references.
=520  \\$aThe 2016 edition of 'Smarter, greener, more inclusive? -- Indicators to support the Europe 2020 strategy' continues the series of Eurostat flagship publications providing statistical analyses related to important European Commission policy frameworks and relevant economic, social and environmental phenomena. This publication supports the Europe 2020 strategy by monitoring progress towards the targets and goals defined under the three mutually reinforcing priorities of smart, sustainable and inclusive growth. The analysis in this publication is based on the Europe 2020 headline indicators chosen to monitor progress towards the strategy's targets. Other indicators focusing on specific subgroups of society or on related contextual issues are also used to deepen the analysis and present a broader picture. The publication presents official statistics produced by the European Statistical System and disseminated by Eurostat. The updated 2016 edition covers the period from 2002 or 2008 up to the most recent year for which data are available (2014 or 2015).
=530  \\$aAlso issued online.
=651  \0$aEuropean Union countries$vStatistics.
=651  \0$aEuropean Union countries$xEconomic policy.
=651  \0$aEuropean Union countries$xSocial policy.
=650  \7$aEconomic policy.$2fast$0(OCoLC)fst00902025
=650  \7$aSocial policy.$2fast$0(OCoLC)fst01122738
=651  \7$aEurope$zEuropean Union countries.$2fast$0(OCoLC)fst01269470
=655  \7$aStatistics.$2fast$0(OCoLC)fst01423727
=690  7\$aManagement and Business Studies$2blcoll
=710  2\$aStatistical Office of the European Communities,$eissuing body.
=830  \0$aTheme--General and regional statistics.
=856  41$uhttp://bookshop.europa.eu/uri?target=EUB:NOTICE:KSEZ16001:EN:HTML$qHTML
=852  11$aBritish Library$bHMNTS$kEU$h338.94
=CAT  \\$a11253$b40$c20170307$lBLL01$h1119
=CAT  \\$a6632$b40$c20190314$lBLL01$h1415
=CAT  \\$aBATCH-MBS$c20190412$lBLL01$h2111
=CAT  \\$aW2308-1659$c20230923$lBLL01$h1014
=FIN  \\$aY$d20190314
=SID  \\$aZ39$bOCLC
=LAS  \\$aW2308-1659$b00$c20230923$lBLL01$h1014

