=LDR  02714cas a2200565 a 4500
=001  015725476
=003  Uk
=005  20230216153246.0
=006  m\\\\\\\\d\|\\\\\\
=007  cb||||||||||||
=008  110104d2010201uenkuu\\ss\i\\\0\\\a0eng\\
=FMT  \\$a  SE
=015  \\$aGBB104706$2bnb
=040  \\$aUk$beng$cUk$dUk
=042  \\$aukblsr
=082  04$a016.780260941$222
=110  2\$aMusic Publishers' Association (Great Britain)
=245  10$aMPA catalogue of printed music$h[electronic resource].
=246  3\$aMusic Publishers Association catalogue of printed music
=260  \\$a[London] :$bMusic Publishers Association,$c[2010]-[201-]
=300  \\$aUSB flash drives
=336  \\$atext$2rdacontent
=337  \\$acomputer$2rdamedia
=338  \\$acomputer chip cartridge$2rdacarrier
=538  \\$aMode of access: World Wide Web.
=500  \\$aOn surface of flash drive: Music Publisher's Association, and: www.npaonline.org.uk
=580  \\$aContinues CD-ROM entitled: Music Publishers' Association (Great Britain). mpa catalogue of printed music on CD-ROM.
=520  \\$aListing of printed music publications available in the UK. "The Catalogue contains over 450,000 entries and can be instantly updated. It enables you to: find complete bibliographic information on music publications, including composer, instrumentation and price; search the contents of anthologies or albums; find publisher contact information".
=500  \\$aDescription based on: Dec. 2010 update; incorporates program and data additions and amendments up to 20 Dec. 2010); title from welcome screen title bar (viewed Jan. 4, 2011).
=650  \0$aMusic$vThematic catalogs.
=650  \0$aMusic$xScores$vIndexes.
=780  10$aMusic Publishers' Association (Great Britain).$tmpa catalogue of printed music on CD-ROM
=856  4\$uhttp://http://www.mpaonline.org.uk/content/mpa-catalogue-printed-music$zTo subscribe; username and password required
=852  \\$aBritish Library$bDSC$cMUSIC$32010:Dec.
=959  \\$fHeld but not currently received
=CAT  \\$a3072$b40$c20110104$lBLL01$h1607
=CAT  \\$a3072$b40$c20110104$lBLL01$h1610
=CAT  \\$a3072$b40$c20110104$lBLL01$h1611
=CAT  \\$a3072$b40$c20110104$lBLL01$h1635
=CAT  \\$a3072$b40$c20110106$lBLL01$h1604
=CAT  \\$a3072$b40$c20110106$lBLL01$h1606
=CAT  \\$a3072$b40$c20110106$lBLL01$h1623
=CAT  \\$a3072$b40$c20110107$lBLL01$h0955
=CAT  \\$a11279$b40$c20140626$lBLL01$h1043
=CAT  \\$a8870$b40$c20220908$lBLL01$h1404
=CAT  \\$a8335$b40$c20220908$lBLL01$h1444
=CAT  \\$a3072$b40$c20230216$lBLL01$h1532
=FIN  \\$aY$d20110104
=TCO  \\$aCLA$bCLA$c008
=LAS  \\$a3072$b40$c20230216$lBLL01$h1532

